%Capitalization is very important in references. Be sure to do a double {{ and }} to keep the capitalization of your text in tact.
%Also pay attention to the sorting on last name in the case of complex Dutch names. F.i.: "Aalst, W.M.P. van der and ..." makes it sort under A


@online{tue_mefd_1,
	title        = {Department of Mechanical Engineering, Multiscale Engineering Fluid Dynamics},
	organization = {{TU/e}},
	date         = {2018},
	url          = {https://www.tue.nl/en/university/departments/mechanical-engineering/research/research-groups/multiscale-engineering-fluid-dynamics/},
}

@online{wiki_double,
	title        = {Double-precision floating-point format},
	organization = {{Wikipedia}},
	date         = {2018},
	url          = {https://en.wikipedia.org/wiki/Double-precision_floating-point_format},
}

@online{wiki_single,
	title        = {Single-precision floating-point format},
	organization = {{Wikipedia}},
	date         = {2018},
	url          = {https://en.wikipedia.org/wiki/Single-precision_floating-point_format},
}

@online{wiki_half,
	title        = {Half-precision floating-point format},
	organization = {{Wikipedia}},
	date         = {2018},
	url          = {https://en.wikipedia.org/wiki/Half-precision_floating-point_format},
}

@online{wiki_bandwidth,
	title        = {Bandwidth (computing)},
	organization = {{Wikipedia}},
	date         = {2018},
	url          = {https://en.wikipedia.org/wiki/Bandwidth_(computing)},
}

@online{wiki_latency,
	title        = {Latency (engineering)},
	organization = {{Wikipedia}},
	date         = {2018},
	url          = {https://en.wikipedia.org/wiki/Latency_(engineering)},
}

@online{wiki_mp,
	title        = {Massively parallel},
	organization = {{Wikipedia}},
	date         = {2018},
	url          = {https://en.wikipedia.org/wiki/Massively_parallel},
}

@online{wiki_embarrassing,
	title        = {Embarrassingly parallel},
	organization = {{Wikipedia}},
	date         = {2018},
	url          = {https://en.wikipedia.org/wiki/Embarrassingly_parallel},
}

@online{wiki_cpu,
	title        = {Central processing unit},
	organization = {{Wikipedia}},
	date         = {2018},
	url          = {https://en.wikipedia.org/wiki/Central_processing_unit},
}

@online{wiki_soc,
	title        = {System on a chip},
	organization = {{Wikipedia}},
	date         = {2018},
	url          = {https://en.wikipedia.org/wiki/System_on_a_chip},
}

@online{wiki_isa,
	title        = {Instruction set architecture},
	organization = {{Wikipedia}},
	date         = {2018},
	url          = {https://en.wikipedia.org/wiki/Instruction_set_architecture},
}

@online{wiki_mc,
	title        = {Machine code},
	organization = {{Wikipedia}},
	date         = {2018},
	url          = {https://en.wikipedia.org/wiki/Machine_code},
}

@online{wiki_ua,
	title        = {Microarchitecture},
	organization = {{Wikipedia}},
	date         = {2018},
	url          = {https://en.wikipedia.org/wiki/Microarchitecture},
}

@online{wiki_uc,
	title        = {Microcode},
	organization = {{Wikipedia}},
	date         = {2018},
	url          = {https://en.wikipedia.org/wiki/Microcode},
}

@online{wiki_thread,
	title        = {Thread (computing)},
	organization = {{Wikipedia}},
	date         = {2018},
	url          = {https://en.wikipedia.org/wiki/Thread_(computing)},
}

@online{wiki_cs,
	title        = {Context switch},
	organization = {{Wikipedia}},
	date         = {2018},
	url          = {https://en.wikipedia.org/wiki/Context_switch},
}

@online{wiki_smt,
	title        = {Simultaneous multithreading},
	organization = {{Wikipedia}},
	date         = {2018},
	url          = {https://en.wikipedia.org/wiki/Simultaneous_multithreading},
}

@online{wiki_cache,
	title        = {CPU cache},
	organization = {{Wikipedia}},
	date         = {2018},
	url          = {https://en.wikipedia.org/wiki/CPU_cache},
}

@online{wiki_alu,
	title        = {Arithmetic logic unit},
	organization = {{Wikipedia}},
	date         = {2018},
	url          = {https://en.wikipedia.org/wiki/Arithmetic_logic_unit},
}

@online{wiki_agu,
	title        = {Address generation unit},
	organization = {{Wikipedia}},
	date         = {2018},
	url          = {https://en.wikipedia.org/wiki/Address_generation_unit},
}

@online{wiki_fpu,
	title        = {Floating-point unit},
	organization = {{Wikipedia}},
	date         = {2018},
	url          = {https://en.wikipedia.org/wiki/Floating-point_unit},
}

@online{wiki_super,
	title        = {Superscalar processor},
	organization = {{Wikipedia}},
	date         = {2018},
	url          = {https://en.wikipedia.org/wiki/Superscalar_processor},
}

@online{wiki_ilp,
	title        = {Instruction-level parallelism},
	organization = {{Wikipedia}},
	date         = {2018},
	url          = {https://en.wikipedia.org/wiki/Instruction-level_parallelism},
}

@online{wiki_simd,
	title        = {SIMD},
	organization = {{Wikipedia}},
	date         = {2018},
	url          = {https://en.wikipedia.org/wiki/SIMD},
}

@online{wiki_dlp,
	title        = {Data parallelism},
	organization = {{Wikipedia}},
	date         = {2018},
	url          = {https://en.wikipedia.org/wiki/Data_parallelism},
}

@online{wiki_register,
	title        = {Processor register},
	organization = {{Wikipedia}},
	date         = {2018},
	url          = {https://en.wikipedia.org/wiki/Processor_register},
}

@online{wiki_avx512,
	title        = {AVX-512},
	organization = {{Wikipedia}},
	date         = {2018},
	url          = {https://en.wikipedia.org/wiki/AVX-512},
}

@online{wiki_avx2,
	title        = {Advanced Vector Extensions 2},
	organization = {{Wikipedia}},
	date         = {2018},
	url          = {https://en.wikipedia.org/wiki/Advanced_Vector_Extensions#Advanced_Vector_Extensions_2},
}

@online{wiki_ht,
	title        = {Hyper-threading},
	organization = {{Wikipedia}},
	date         = {2018},
	url          = {https://en.wikipedia.org/wiki/Hyper-threading},
}

@online{wiki_phi,
	title        = {Xeon Phi},
	organization = {{Wikipedia}},
	date         = {2018},
	url          = {https://en.wikipedia.org/wiki/Xeon_Phi},
}

@online{wiki_p9,
	title        = {POWER9},
	organization = {{Wikipedia}},
	date         = {2018},
	url          = {https://en.wikipedia.org/wiki/POWER9},
}

@online{wiki_mkl,
	title        = {Math Kernel Library},
	organization = {{Wikipedia}},
	date         = {2018},
	url          = {https://en.wikipedia.org/wiki/Math_Kernel_Library},
}

@online{wiki_clock,
	title        = {Clock signal},
	organization = {{Wikipedia}},
	date         = {2018},
	url          = {https://en.wikipedia.org/wiki/Clock_signal},
}

@online{wiki_uop,
	title        = {Micro-operation},
	organization = {{Wikipedia}},
	date         = {2018},
	url          = {https://en.wikipedia.org/wiki/Micro-operation},
}

@online{ark_xg6132,
	title        = {Intel Xeon Gold 6132 Processor},
	organization = {{Intel}},
	date         = {2018},
	url          = {https://ark.intel.com/products/123541/Intel-Xeon-Gold-6132-Processor-19_25M-Cache-2_60-GHz},
}

@online{wchip_6132,
	title        = {Xeon Gold 6132 - Intel},
	organization = {{WikiChip}},
	date         = {2018},
	url          = {https://en.wikichip.org/wiki/intel/xeon_gold/6132},
}

@online{wiki_memch,
	title        = {Multi-channel memory architecture},
	organization = {{Wikipedia}},
	date         = {2018},
	url          = {https://en.wikipedia.org/wiki/Multi-channel_memory_architecture},
}

@online{wiki_dimm,
	title        = {DIMM},
	organization = {{Wikipedia}},
	date         = {2018},
	url          = {https://en.wikipedia.org/wiki/DIMM},
}

@online{wiki_ecc,
	title        = {ECC memory},
	organization = {{Wikipedia}},
	date         = {2018},
	url          = {https://en.wikipedia.org/wiki/ECC_memory},
}

@online{wiki_pcie,
	title        = {PCI Express},
	organization = {{Wikipedia}},
	date         = {2018},
	url          = {https://en.wikipedia.org/wiki/PCI_Express},
}

@online{wiki_pci,
	title        = {Conventional PCI},
	organization = {{Wikipedia}},
	date         = {2018},
	url          = {https://en.wikipedia.org/wiki/Conventional_PCI},
}

@online{wiki_agp,
	title        = {Accelerated Graphics Port},
	organization = {{Wikipedia}},
	date         = {2018},
	url          = {https://en.wikipedia.org/wiki/Accelerated_Graphics_Port},
}

@online{wiki_pch,
	title        = {Platform Controller Hub},
	organization = {{Wikipedia}},
	date         = {2018},
	url          = {https://en.wikipedia.org/wiki/Platform_Controller_Hub},
}

@online{wiki_qpi,
	title        = {Intel QuickPath Interconnect},
	organization = {{Wikipedia}},
	date         = {2018},
	url          = {https://en.wikipedia.org/wiki/Intel_QuickPath_Interconnect},
}

@online{wiki_upi,
	title        = {Intel UltraPath Interconnect},
	organization = {{Wikipedia}},
	date         = {2018},
	url          = {https://en.wikipedia.org/wiki/Intel_UltraPath_Interconnect},
}

@online{cuda_install_linux,
	title        = {NVIDIA CUDA Installation Guide for Linux},
	organization = {{NVIDIA}},
	date         = {2018},
	url          = {https://docs.nvidia.com/cuda/cuda-installation-guide-linux/index.html},
}

@online{nvidia_docker,
	title        = {NVIDIA Docker: GPU Server Application Deployment Made Easy},
	organization = {{NVIDIA}},
	date         = {2018},
	url          = {https://devblogs.nvidia.com/nvidia-docker-gpu-server-application-deployment-made-easy/},
}

@online{nvidia_docker_git,
	title        = {Build and run Docker containers leveraging NVIDIA GPUs},
	organization = {{NVIDIA}},
	date         = {2018},
	url          = {https://github.com/NVIDIA/nvidia-docker},
}

@online{wiki_amdahl,
	title        = {Amdahl's law},
	organization = {{Wikipedia}},
	date         = {2018},
	url          = {https://en.wikipedia.org/wiki/Amdahl%27s_law},
}

@online{wiki_parsl,
	title        = {Parallel slowdown},
	organization = {{Wikipedia}},
	date         = {2018},
	url          = {https://en.wikipedia.org/wiki/Parallel_slowdown},
}

@article{dist_it_solv,
    author = {W.M. Zuberek and T.D.P. Perera},
    title = {Performance Analysis of Distributed Iterative Linear Solvers},
    journal = {7th WSEAS Int. Conf. on Mathematical Methods and Computational Techniques in Electrical Engineering},
    pages = {194--199},
    date = {27-29/10/05},
}